@article {palacios-conformant-JAIR09,
	author = {Palacios, H{\'e}ctor and Geffner, H{\'e}ctor},
	title = {Compiling uncertainty away in conformant planning problems with bounded width},
	journal = {Journal of Artificial Intelligence Research},
	volume = {35},
	year = {2009},
	pages = {623--675}
}


@article{fox2003pddl2,
  title={PDDL2. 1: An Extension to PDDL for Expressing Temporal Planning Domains.},
  author={Fox, Maria and Long, Derek},
  journal={J. Artif. Intell. Res.(JAIR)},
  volume={20},
  pages={61--124},
  year={2003}
}


@inproceedings{kambhampati:modellite:AAAI2007,
  title={Model-lite planning for the web age masses: The challenges of planning with incomplete and evolving domain models},
  author={Kambhampati, Subbarao},
  booktitle={Proceedings of the National Conference on Artificial Intelligence},
  volume={22},
  number={2},
  pages={1601},
  year={2007},
  organization={Menlo Park, CA; Cambridge, MA; London; AAAI Press; MIT Press; 1999}
}


@inproceedings{fern2004learning,
  title={Learning Domain-Specific Control Knowledge from Random Walks.},
  author={Fern, Alan and Yoon, Sung Wook and Givan, Robert},
  booktitle={ICAPS},
  pages={191--199},
  year={2004}
}


@article{jimenez2012review,
  title={A review of machine learning for automated planning},
  author={Jim{\'e}nez, Sergio and De La Rosa, Tom{\'a}s and Fern{\'a}ndez, Susana and Fern{\'a}ndez, Fernando and Borrajo, Daniel},
  journal={The Knowledge Engineering Review},
  volume={27},
  number={04},
  pages={433--467},
  year={2012},
  publisher={Cambridge University Press}
}


@inproceedings{segovia2017unsupervised,
  title={Unsupervised learning of planning tasks},
  author={Segovia-Aguas, Javier and Jim{\'e}nez, Sergio and Jonsson, Anders},
  booktitle={International Conference on Automated Planning and Scheduling},
  year={2017}
}


@article{fikes1971strips,
  title={STRIPS: A new approach to the application of theorem proving to problem solving},
  author={Fikes, Richard E and Nilsson, Nils J},
  journal={Artificial intelligence},
  volume={2},
  number={3-4},
  pages={189--208},
  year={1971},
  publisher={Elsevier}
}


@article{yang2007learning,
  title={Learning action models from plan examples using weighted MAX-SAT},
  author={Yang, Qiang and Wu, Kangheng and Jiang, Yunfei},
  journal={Artificial Intelligence},
  volume={171},
  number={2-3},
  pages={107--143},
  year={2007},
  publisher={Elsevier}
}


@article{cresswell2013acquiring,
  title={Acquiring planning domain models using LOCM},
  author={Cresswell, Stephen N and McCluskey, Thomas L and West, Margaret M},
  journal={The Knowledge Engineering Review},
  volume={28},
  number={02},
  pages={195--213},
  year={2013},
  publisher={Cambridge Univ Press}
}


@misc{geffner:book:2013,
  title={A Concise Introduction to Models and Methods for Automated Planning},
  author={Geffner, Hector and Bonet, Blai},
  journal={Synthesis Lectures on Artificial Intelligence and Machine Learning},
  number={1},
  year={2013},
  publisher={Morgan \& Claypool Publishers}
}


@book{michalski2013machine,
  title={Machine learning: An artificial intelligence approach},
  author={Michalski, Ryszard S and Carbonell, Jaime G and Mitchell, Tom M},
  year={2013},
  publisher={Springer Science \& Business Media}
}
